<record><leader>00000cas a22000001a 4500</leader><controlfield tag="001">32534300</controlfield><controlfield tag="007">hd afb016baca</controlfield><controlfield tag="007">hd bfb016baaa</controlfield><controlfield tag="008">950525d19221925inuwr nea     0    0eng c</controlfield><datafield ind1=" " ind2=" " tag="010"><subfield code="a">sn 94090519 </subfield></datafield><datafield ind1=" " ind2=" " tag="040"><subfield code="a">NN</subfield><subfield code="b">eng</subfield><subfield code="c">RQM</subfield><subfield code="d">OCLCQ</subfield><subfield code="d">IUL</subfield><subfield code="d">OCLCQ</subfield><subfield code="d">OCLCF</subfield></datafield><datafield ind1=" " ind2=" " tag="012"><subfield code="i">9505</subfield></datafield><datafield ind1="1" ind2=" " tag="029"><subfield code="a">AU@</subfield><subfield code="b">000011744676</subfield></datafield><datafield ind1=" " ind2=" " tag="042"><subfield code="a">pcc</subfield></datafield><datafield ind1=" " ind2=" " tag="043"><subfield code="a">n-us---</subfield></datafield><datafield ind1="0" ind2=" " tag="130"><subfield code="a">Fiery cross (Indianapolis, Ind. : Indiana State ed.)</subfield></datafield><datafield ind1="1" ind2="4" tag="245"><subfield code="a">The fiery cross</subfield><subfield code="h">[microform].</subfield></datafield><datafield ind1=" " ind2=" " tag="260"><subfield code="a">Indianapolis, Ind. :</subfield><subfield code="b">Advertising Service of Ernest W. Reichard.</subfield></datafield><datafield ind1=" " ind2=" " tag="310"><subfield code="a">Weekly</subfield></datafield><datafield ind1="1" ind2=" " tag="362"><subfield code="a">Began with July 20, 1922 issue; ceased in Feb. 1925.</subfield></datafield><datafield ind1=" " ind2=" " tag="500"><subfield code="a">Called "Indiana state ed.", July 1923-Feb. 1924; "Indiana ed.", Jan. 1925-</subfield></datafield><datafield ind1=" " ind2=" " tag="550"><subfield code="a">Issued by the Ku Klux Klan.</subfield></datafield><datafield ind1=" " ind2=" " tag="580"><subfield code="a">Ohio ed.: Fiery cross (Indianapolis, Ind. : Ohio State ed.), July 1923-May 1924; Klan kourier, May 1924-July 1924; Ohio kourier, July 1924-1925.</subfield></datafield><datafield ind1=" " ind2=" " tag="588"><subfield code="a">Description based on: Vol. 2, no. 1 (Dec. 8, 1922).</subfield></datafield><datafield ind1=" " ind2=" " tag="533"><subfield code="a">Microfilm.</subfield><subfield code="m">Feb. 1923-Mar. 1924.</subfield><subfield code="b">New York :</subfield><subfield code="c">New York Public Library,</subfield><subfield code="d">[19--].</subfield><subfield code="e">3 microfilm reels ; 35 mm.</subfield></datafield><datafield ind1=" " ind2="0" tag="650"><subfield code="a">White supremacy movements</subfield><subfield code="z">United States</subfield><subfield code="v">Newspapers.</subfield></datafield><datafield ind1=" " ind2="0" tag="650"><subfield code="a">Race discrimination</subfield><subfield code="z">United States</subfield><subfield code="v">Newspapers.</subfield></datafield><datafield ind1=" " ind2="7" tag="655"><subfield code="a">Newspapers.</subfield><subfield code="2">fast</subfield><subfield code="0">(OCoLC)fst01423814</subfield></datafield><datafield ind1=" " ind2="7" tag="650"><subfield code="a">Race discrimination.</subfield><subfield code="2">fast</subfield><subfield code="0">(OCoLC)fst01086465</subfield></datafield><datafield ind1=" " ind2="7" tag="650"><subfield code="a">White supremacy movements.</subfield><subfield code="2">fast</subfield><subfield code="0">(OCoLC)fst01174715</subfield></datafield><datafield ind1=" " ind2="7" tag="651"><subfield code="a">United States.</subfield><subfield code="2">fast</subfield><subfield code="0">(OCoLC)fst01204155</subfield></datafield><datafield ind1="2" ind2=" " tag="710"><subfield code="a">Ku Klux Klan (1915- )</subfield></datafield><datafield ind1=" " ind2=" " tag="752"><subfield code="a">United States</subfield><subfield code="b">Indiana</subfield><subfield code="c">Marion</subfield><subfield code="d">Indianapolis.</subfield></datafield><datafield ind1="1" ind2=" " tag="775"><subfield code="t">Fiery cross (Indianapolis, Ind. : Ohio State ed.)</subfield></datafield><datafield ind1="1" ind2=" " tag="775"><subfield code="t">Klan kourier</subfield></datafield><datafield ind1="1" ind2=" " tag="775"><subfield code="t">Ohio kourier</subfield></datafield><datafield ind1="1" ind2=" " tag="776"><subfield code="c">Original</subfield><subfield code="w">(DLC)sn 85038011</subfield><subfield code="w">(OCoLC)11636494</subfield></datafield><datafield ind1="0" ind2="0" tag="780"><subfield code="t">Fact</subfield></datafield><datafield ind1="0" ind2="0" tag="785"><subfield code="t">Indiana kourier</subfield><subfield code="w">(DLC)sn 94092455</subfield><subfield code="w">(OCoLC)32754201</subfield></datafield><datafield ind1=" " ind2=" " tag="850"><subfield code="a">NN</subfield><subfield code="a">NN (master)</subfield></datafield></record>